@article{vanden2008assumptions,
  title={On the Assumptions Underlying Milestoning},
  author={Vanden-Eijnden, Eric and Venturoli, Maddalena and Ciccotti, Giovanni and Elber, Ron},
  journal={The Journal of Chemical Physics},
  volume={129},
  number={17},
  year={2008},
  publisher={AIP Publishing}
}

@article{bello2015exact,
  title={Exact Milestoning},
  author={Bello-Rivas, Juan M and Elber, Ron},
  journal={The Journal of Chemical Physics},
  volume={142},
  number={9},
  year={2015},
  publisher={AIP Publishing}
}

@article{elber2020milestoning,
  title={Milestoning: An Efficient Approach for Atomically Detailed Simulations of Kinetics in Biophysics},
  author={Elber, Ron},
  journal={Annual Review of Biophysics},
  volume={49},
  pages={69--85},
  year={2020},
  publisher={Annual Reviews}
}

@article{zuckerman2017weighted,
  title={Weighted Ensemble Simulation: Review of Methodology, Applications, and Software},
  author={Zuckerman, Daniel M and Chong, Lillian T},
  journal={Annual Review of Biophysics},
  volume={46},
  pages={43--57},
  year={2017},
  publisher={Annual Reviews}
}

@article{wang2001antechamber,
  title={Antechamber: An Accessory Software Package for Molecular Mechanical Calculations},
  author={Wang, Junmei and Wang, Wei and Kollman, Peter A and Case, David A},
  journal={J. Am. Chem. Soc.},
  volume={222},
  number={1},
  year={2001},
  publisher={Citeseer}
}

@article{salomon2013overview,
  title={An Overview of the Amber Biomolecular Simulation Package},
  author={Salomon-Ferrer, Romelia and Case, David A and Walker, Ross C},
  journal={Wiley Interdisciplinary Reviews: Computational Molecular Science},
  volume={3},
  number={2},
  pages={198--210},
  year={2013},
  publisher={Wiley Online Library}
}

@article{amaro2018multiscale,
  title={Multiscale Methods in Drug Design Bridge Chemical and Biological Complexity in the Search for Cures},
  author={Amaro, Rommie E and Mulholland, Adrian J},
  journal={Nature Reviews Chemistry},
  volume={2},
  number={4},
  pages={0148},
  year={2018},
  publisher={Nature Publishing Group UK London}
}

@article{lee2018exascale,
  title={Exascale Computing: A New Dawn for Computational Biology},
  author={Lee, Christopher T and Amaro, Rommie E},
  journal={Computing in Science \& Engineering},
  volume={20},
  number={5},
  pages={18--25},
  year={2018},
  publisher={IEEE}
}

@article{eastman2017openmm,
  title={OpenMM 7: Rapid Development of High Performance Algorithms for Molecular Dynamics},
  author={Eastman, Peter and Swails, Jason and Chodera, John D and McGibbon, Robert T and Zhao, Yutong and Beauchamp, Kyle A and Wang, Lee-Ping and Simmonett, Andrew C and Harrigan, Matthew P and Stern, Chaya D and others},
  journal={PLoS Computational Biology},
  volume={13},
  number={7},
  pages={e1005659},
  year={2017},
  publisher={Public Library of Science San Francisco, CA USA}
}

@article{miao2015gaussian,
  title={Gaussian Accelerated Molecular Dynamics: Unconstrained Enhanced Sampling and Free Energy Calculation},
  author={Miao, Yinglong and Feher, Victoria A and McCammon, J Andrew},
  journal={Journal of Chemical Theory and Computation},
  volume={11},
  number={8},
  pages={3584--3595},
  year={2015},
  publisher={ACS Publications}
}

@article{muniz2023brownian,
  title={Brownian Dynamics Simulations of Biomolecular Diffusional Association Processes},
  author={Mu{\~n}iz-Chicharro, Abraham and Votapka, Lane W and Amaro, Rommie E and Wade, Rebecca C},
  journal={Wiley Interdisciplinary Reviews: Computational Molecular Science},
  volume={13},
  number={3},
  pages={e1649},
  year={2023},
  publisher={Wiley Online Library}
}

@article{kokh2020workflow,
  title={A Workflow for Exploring Ligand Dissociation from a Macromolecule: Efficient Random Acceleration Molecular Dynamics Simulation and Interaction Fingerprint Analysis of Ligand Trajectories},
  author={Kokh, Daria B and Doser, Bernd and Richter, Stefan and Ormersbach, Fabian and Cheng, Xingyi and Wade, Rebecca C},
  journal={The Journal of Chemical Physics},
  volume={153},
  number={12},
  pages={125102},
  year={2020},
  publisher={AIP Publishing LLC}
}

@article{votapka2017seekr,
  title={SEEKR: Simulation Enabled Estimation of Kinetic Rates, a Computational Tool to Estimate Molecular Kinetics and Its Application to Trypsin--Benzamidine Binding},
  author={Votapka, Lane W and Jagger, Benjamin R and Heyneman, Alexandra L and Amaro, Rommie E},
  journal={The Journal of Physical Chemistry B},
  volume={121},
  number={15},
  pages={3597--3606},
  year={2017},
  publisher={ACS Publications}
}

@article{jagger2018seekr,
  title={SEEKR: Simulation Enabled Estimation of Kinetic Rates, A Multiscale Approach for the Calculation of Protein-Ligand Association and Dissociation Kinetics},
  author={Jagger, Benjamin R and Votapka, Lane W and Amaro, Rommie E},
  journal={Biophysical Journal},
  volume={114},
  number={3},
  pages={42a},
  year={2018},
  publisher={Elsevier}
}

@article{votapka2022seekr2,
  title={SEEKR2: Versatile Multiscale Milestoning Utilizing the OpenMM Molecular Dynamics Engine},
  author={Votapka, Lane W and Stokely, Andrew M and Ojha, Anupam A and Amaro, Rommie E},
  journal={Journal of Chemical Information and Modeling},
  volume={62},
  number={13},
  pages={3253--3262},
  year={2022},
  publisher={ACS Publications}
}

@article{jagger2018quantitative,
  title={Quantitative Ranking of Ligand Binding Kinetics with a Multiscale Milestoning Simulation Approach},
  author={Jagger, Benjamin R and Lee, Christopher T and Amaro, Rommie E},
  journal={The Journal of Physical Chemistry Letters},
  volume={9},
  number={17},
  pages={4941--4948},
  year={2018},
  publisher={ACS Publications}
}

@article{ahn2020ranking,
  title={Ranking of Ligand Binding Kinetics Using a Weighted Ensemble Approach and Comparison with a Multiscale Milestoning Approach},
  author={Ahn, Surl-Hee and Jagger, Benjamin R and Amaro, Rommie E},
  journal={Journal of Chemical Information and Modeling},
  volume={60},
  number={11},
  pages={5340--5352},
  year={2020},
  publisher={ACS Publications}
}

@article{ojha2022selectivity,
  title={Selectivity and Ranking of Tight-Binding JAK-STAT Inhibitors Using Markovian Milestoning with Voronoi Tessellations},
  author={Ojha, Anupam Anand and Srivastava, Ambuj and Votapka, Lane William and Amaro, Rommie E},
  journal={Journal of Chemical Theory and Computation},
  volume={63},
  number={8},
  pages={2469--2482},
  year={2023},
  publisher={ACS Publications}
}

@article{jagger2020predicting,
  title={Predicting Ligand Binding Kinetics Using a Markovian Milestoning with Voronoi Tessellations Multiscale Approach},
  author={Jagger, Benjamin R and Ojha, Anupam A and Amaro, Rommie E},
  journal={Journal of Chemical Theory and Computation},
  volume={16},
  number={8},
  pages={5348--5357},
  year={2020},
  publisher={ACS Publications}
}

@article{huber2010browndye,
  title={Browndye: A Software Package for Brownian Dynamics},
  author={Huber, Gary A and McCammon, J Andrew},
  journal={Computer Physics Communications},
  volume={181},
  number={11},
  pages={1896--1905},
  year={2010},
  publisher={Elsevier}
}

@article{ermak1978brownian,
  title={Brownian Dynamics with Hydrodynamic Interactions},
  author={Ermak, Donald L and McCammon, J Andrew},
  journal={The Journal of Chemical Physics},
  volume={69},
  number={4},
  pages={1352--1360},
  year={1978},
  publisher={American Institute of Physics}
}

@article{huber2019brownian,
  title={Brownian Dynamics Simulations of Biological Molecules},
  author={Huber, Gary A and McCammon, J Andrew},
  journal={Trends in Chemistry},
  volume={1},
  number={8},
  pages={727--738},
  year={2019},
  publisher={Elsevier}
}

@article{luty1992diffusive,
  title={Diffusive Reaction Rates from Brownian Dynamics Simulations: Replacing the Outer Cutoff Surface by an Analytical Treatment},
  author={Luty, Brock A and McCammon, J Andrew and Zhou, Huan-Xiang},
  journal={The Journal of Chemical Physics},
  volume={97},
  number={8},
  pages={5682--5686},
  year={1992},
  publisher={American Institute of Physics}
}

@article{northrup1984brownian,
  title={Brownian Dynamics Simulation of Diffusion-Influenced Bimolecular Reactions},
  author={Northrup, Scott H and Allison, Stuart A and McCammon, J Andrew},
  journal={The Journal of Chemical Physics},
  volume={80},
  number={4},
  pages={1517--1524},
  year={1984},
  publisher={American Institute of Physics}
}

@article{jurrus2018improvements,
  title={Improvements to the APBS Biomolecular Solvation Software Suite},
  author={Jurrus, Elizabeth and Engel, Dave and Star, Keith and Monson, Kyle and Brandi, Juan and Felberg, Lisa E and Brookes, David H and Wilson, Leighton and Chen, Jiahui and Liles, Karina and others},
  journal={Protein Science},
  volume={27},
  number={1},
  pages={112--128},
  year={2018},
  publisher={Wiley Online Library}
}

@article{ojha2023qmrebind,
  title={QMrebind: Incorporating Quantum Mechanical Force Field Reparameterization at the Ligand Binding Site for Improved Drug-Target Kinetics Through Milestoning Simulations},
  author={Ojha, Anupam Anand and Votapka, Lane William and Amaro, Rommie Elizabeth},
  journal={Chemical Science},
  volume={14},
  number={45},
  pages={13159--13175},
  year={2023},
  publisher={Royal Society of Chemistry}
}

@article{ojha2023deepwest,
  title={DeepWEST: Deep Learning of Kinetic Models with the Weighted Ensemble Simulation Toolkit for Enhanced Sampling},
  author={Ojha, Anupam Anand and Thakur, Saumya and Ahn, Surl-Hee and Amaro, Rommie E},
  journal={Journal of Chemical Theory and Computation},
  volume={19},
  number={4},
  pages={1342--1359},
  year={2023},
  publisher={ACS Publications}
}

@article{ahn2021gaussian,
  title={Gaussian-Accelerated Molecular Dynamics with the Weighted Ensemble Method: A Hybrid Method Improves Thermodynamic and Kinetic Sampling},
  author={Ahn, Surl-Hee and Ojha, Anupam A and Amaro, Rommie E and McCammon, J Andrew},
  journal={Journal of Chemical Theory and Computation},
  volume={17},
  number={12},
  pages={7938--7951},
  year={2021},
  publisher={ACS Publications}
}


